%
%  Elizabeth Wilcox, Ben Brewster
%  Chermak-Delgado Lattices, Reference List
%  December 21, 2012


@article{cd,
author	=	{A. Chermak and A. Delgado},
title		=	"{A measuring argument for finite groups}",
journal	=	{Proc. AMS},
volume	=	107,
number	=	4,
pages		=	"907 - 914",
year		=	1989
}

@book{Huppert,
author		=	{B. Huppert},
title			= "{Endliche Gruppen I}",
publisher = {Springer-Verlag},
year			= 1967
}

%websites
@misc{WinNT,
author = {N/A},
title = {{MS Windows NT} Kernel Description},
howpublished = {\url{http://web.archive.org/web/20080207010024/http://www.808multimedia.com/winnt/kernel.htm}},
note = {Accessed: 2010-09-30}
}

% specialized software
@manual{GAP4,
 key          = "GAP",
 organization = "The GAP~Group",
 title        = "{GAP -- Groups, Algorithms, and Programming,
                    Version 4.7.5}",
 year         = 2014,
 url          = "\verb+(http://www.gap-system.org)+",
    }
    
@misc{Sipser,
 author = {Michael Sipser},
 title = {The History and Status of the P versus NP Question},
 howpublished = {Massachusetts Institute of Technology}}
 
@misc{Fortnow,
 author = {Lance Fortnow},
 title = {The Computational Complexity Column},
 howpublished = {NEC Labratories America}
 }
 
 @misc{hackD,
 author = {hackdashery},
 title = {P vs. NP and the Computational Complexity Zoo},
 howpublished = {YouTube},
 url = {P vs. NP and the Computational Complexity Zoo}
 }
 
